@article{VoloshinZhang,
   title={Flow study in relativistic nuclear collisions by Fourier expansion of azimuthal particle distributions},
   volume={70},
   ISNN={1431-5858},
   url={http://dx.doi.org/10.1007/s002880050141},
   DOI={10.1007/s002880050141},
   number={4},
   journal={Zeitschrift for Physik C Particles and Fields},
   publisher={Springer Science and Business Media LLC},
   author={Voloshin, S. and Zhang, Y.},
   year={1996},
   month= May,
   langid = {english},
   pages={665â€“671},
   language = {english}
}